<record><leader>00000cas a22000007a 4500</leader><controlfield tag="001">9655093</controlfield><controlfield tag="008">830629d18701876mauwr ne      0    0eng d</controlfield><controlfield tag="009">3768</controlfield><datafield ind1=" " ind2=" " tag="010"><subfield code="a">sn 83020941 </subfield></datafield><datafield ind1=" " ind2=" " tag="040"><subfield code="a">NPX</subfield><subfield code="b">eng</subfield><subfield code="c">NPX</subfield><subfield code="d">NPU</subfield><subfield code="d">DLC</subfield><subfield code="d">MGN</subfield></datafield><datafield ind1="1" ind2=" " tag="029"><subfield code="a">AU@</subfield><subfield code="b">000025799170</subfield></datafield><datafield ind1=" " ind2=" " tag="042"><subfield code="a">msc</subfield></datafield><datafield ind1=" " ind2=" " tag="043"><subfield code="a">n-us-ma</subfield></datafield><datafield ind1="0" ind2="0" tag="050"><subfield code="a">Newspaper 8381</subfield></datafield><datafield ind1="0" ind2="0" tag="245"><subfield code="a">Weymouth weekly gazette and Braintree reporter.</subfield></datafield><datafield ind1="1" ind2="3" tag="246"><subfield code="a">Weymouth gazette</subfield></datafield><datafield ind1=" " ind2=" " tag="260"><subfield code="a">Weymouth, Mass. :</subfield><subfield code="b">C.G. Easterbrook,</subfield></datafield><datafield ind1=" " ind2=" " tag="300"><subfield code="a">v. ;</subfield><subfield code="c">66-71 cm.</subfield></datafield><datafield ind1=" " ind2=" " tag="310"><subfield code="a">Weekly</subfield></datafield><datafield ind1="0" ind2=" " tag="362"><subfield code="a">Vol. 4, no. 32 (Dec. 9, 1870)-v. 10, no. 26 (Oct. 20, 1876).</subfield></datafield><datafield ind1=" " ind2=" " tag="500"><subfield code="a">Proprietor: C.G. Easterbrook.</subfield></datafield><datafield ind1=" " ind2=" " tag="500"><subfield code="a">Editor: C.G. Easterbrook.</subfield></datafield><datafield ind1=" " ind2=" " tag="525"><subfield code="a">Supplements accompany some numbers.</subfield></datafield><datafield ind1=" " ind2=" " tag="530"><subfield code="a">Also available on microfilm from Graphic Microfilm of New England.</subfield></datafield><datafield ind1=" " ind2=" " tag="752"><subfield code="a">United States</subfield><subfield code="b">Massachusetts</subfield><subfield code="c">Norfolk</subfield><subfield code="d">Weymouth.</subfield></datafield><datafield ind1="0" ind2="0" tag="780"><subfield code="t">Weymouth weekly gazette</subfield><subfield code="w">(DLC)sn 83020940</subfield></datafield><datafield ind1="0" ind2="0" tag="785"><subfield code="t">Weymouth gazette, and Braintree reporter</subfield><subfield code="w">(DLC)sn 89063453</subfield></datafield></record>